
@misc{bu-code,
	author = {Boston University},
	title = {{Academic Conduct Code}},
	howpublished = "\url{https://www.bu.edu/academics/policies/academic-conduct-code/}",
	year = {2018}, 
	note = "[Online; accessed 06-February-2019]"
}

@misc{plagiarism-org-definition,
	author = {plagiarism.org},
	title = {{What is Plagiarism?}},
	howpublished = "\url{http://www.plagiarism.org/article/what-is-plagiarism}",
	year = {2017}, 
	note = "[Online; accessed 06-February-2019]"
}

@misc{wiki-plagiarism,
	author = {Wikipedia community},
	title = {{Plagiarism}},
	howpublished = "\url{https://en.wikipedia.org/wiki/Plagiarism}",
	year = {2018}, 
	note = "[Online; accessed 06-February-2019]"
}

@misc{bcc,
	author = {Bereley City College},
	title = {{What is academic dishonesty?}},
	howpublished = "\url{http://www.berkeleycitycollege.edu/wp/de/what-is-academic-dishonesty/}",
	year = {2018}, 
	note = "[Online; accessed 06-February-2019]"
}

@misc{dishonesty-paper,
	author = {Lars R. Jones},
	title = {{Academic Integrity \& Academic Dishonesty: A Handbook About Cheating \& Plagiarism}},
	howpublished = "\url{http://web2.fit.edu/current/documents/plagiarism.pdf}",
	year = {2011}, 
	note = "[Online; accessed 06-February-2019]"
}

@misc{plagiarism-org-preventing,
	author = {plagiarism.org},
	title = {{Preventing Plagiarism when Writing}},
	howpublished = "\url{http://www.plagiarism.org/article/preventing-plagiarism-when-writing}",
	year = {2017}, 
	note = "[Online; accessed 06-February-2019]"
}

@misc{cheating-fact-sheet,
	author = {ETS},
	title = {{Academic Cheating Fact Sheet}},
	howpublished = "\url{https://web.stanford.edu/class/engr110/cheating.html}",
	year = {2018}, 
	note = "[Online; accessed 07-February-2019]"
}

@misc{sabotage-examples,
	author = {Northern Illinois University},
	title = {{Sabotage}},
	howpublished = "\url{https://www.niu.edu/academic-integrity/students/cheating/sabotage.shtml}",
	year = {2018}, 
	note = "[Online; accessed 07-February-2019]"
}

@misc{baidu-cheating,
	author = {John Markoff},
	title = {{Computer Scientists Are Astir After Baidu Team Is Barred From A.I. Competition}},
	howpublished = "\url{https://www.nytimes.com/2015/06/04/technology/computer-scientists-are-astir-after-baidu-team-is-barred-from-ai-competition.html}",
	year = {2015}, 
	note = "[Online; accessed 08-February-2019]"
}

@article{deception-survey,
	author = {Darrin J. Griffin and San Bolkan and Alan K. Goodboy},
	title = {Academic Dishonesty Beyond Cheating and Plagiarism: Studentsa Interpersonal Deception in the College Classroom},
	journal = {Qualitative Research Reports in Communication},
	volume = {16},
	number = {1},
	pages = {9-19},
	year  = {2015},
	publisher = {Routledge},
	doi = {10.1080/17459435.2015.1086416},
	URL = {https://doi.org/10.1080/17459435.2015.1086416},
	eprint = {https://doi.org/10.1080/17459435.2015.1086416}
}
